@online{wolfram,
  title   = {WolframAlpha},
  url     = {https://www.wolframalpha.com},
  urldate = {2021-04-29}
}